@article{sharnagat2014named,
  title={Named Entity Recognition: A Literature Survey},
  author={Sharnagat, Rahul},
  journal={Center For Indian Language Technology},
  year={2014}
}
@article{manning2008text,
  title={Text classification and naive bayes},
  author={Manning, Christopher D and Raghavan, Prabhakar and Sch{\"u}tze, Hinrich},
  journal={Introduction to information retrieval},
  volume={1},
  pages={6},
  year={2008}
}
@misc{manning2012information,
  title={Information Extraction and Named Entity Recognition},
  author={Manning, Christopher},
  year={2012},
  publisher={Stanford University, California}
}

@inproceedings{patwardhan2007effective,
  title={Effective Information Extraction with Semantic Affinity Patterns and Relevant Regions.},
  author={Patwardhan, Siddharth and Riloff, Ellen},
  booktitle={EMNLP-CoNLL},
  volume={7},
  pages={717--727},
  year={2007}
}
@article{califf2003bottom,
  title={Bottom-up relational learning of pattern matching rules for information extraction},
  author={Califf, Mary Elaine and Mooney, Raymond J},
  journal={Journal of Machine Learning Research},
  volume={4},
  number={Jun},
  pages={177--210},
  year={2003}
}