% 
% Bib files are VERY PICKY about syntax, more so than python
% Don't mix your Ps and Qs or commas and brackets.
% 
% Check your line endings end in a comma,
%
% Always separate AUTHORs by "and"
% AUTHOR1 and AUTHOR2 and AUTHOR3 and AUTHOR4 and ..... and AUTHORX
% where AUTHORX is   Lastname, Firstname   or   Firstname Lastname
% Put ALL the authors, not et al. 
%
% When you get arbitrary downloads ALWAYS check the copyright, and ask or inform
% the institution/author if this is required. Citing is not enough, some
% material may not be used. 
%
% For web published items, because they can change, put YEAR = "Accessed in April 2012",
% and if the item has a publish date, put that in the HOWPUBLISHED field after
% the institutions's name, (then publish date, then \url{}).
% Always find the original URL, not some Google Docs upload where you saved it
%
% Never put %comments in the middle of a bibtex file; they cause problems
% too often.
%
% Remove the .bbl, .blg, .aux, ,.out files if your bibtex gets stuck 
% on errors (some non-ascii characters can cause this) and rerun in
% a terminal if texmaker does not tell you what the problem is.
%

@article{reiner2013systematic,
  title={A systematic review of mathematical models of mosquito-borne pathogen transmission: 1970--2010},
  author={Reiner, Robert C and Perkins, T Alex and Barker, Christopher M and Niu, Tianchan and Chaves, Luis Fernando and Ellis, Alicia M and George, Dylan B and Le Menach, Arnaud and Pulliam, Juliet RC and Bisanzio, Donal and others},
  journal={Journal of The Royal Society Interface},
  volume={10},
  number={81},
  pages={20120921},
  year={2013},
  publisher={The Royal Society}
}
@article{posen2016epidemiology, 
  title= "Epidemiology of Zika virus, 1947--2007",
  author= "Posen, H Joshua and Keystone, Jay S and Gubbay, Jonathan B and Morris, Shaun K",
  journal= "BMJ Global Health",
  volume= 1,
  number= "2",
  pages= "e000087",
  year= 2016,
  publisher="BMJ Specialist Journals"
}
@article{dantas2017calibration,
  title= {Calibration of a SEIR epidemic model to describe Zika virus outbreak in Brazil},
  author ={Dantas, Eber and Tosin, Michel and Cunha Jr, Americo},
  year= {2017} 
}
@article{earn2000simple,
  title={A simple model for complex dynamical transitions in epidemics},
  author={Earn, David JD and Rohani, Pejman and Bolker, Benjamin M and Grenfell, Bryan T},
  journal={Science},
  volume={287},
  number={5453},
  pages={667--670},
  year={2000},
  publisher={American Association for the Advancement of Science}
}
@article{claeskens2016statistical,
  title={Statistical model choice},
  author={Claeskens, Gerda},
  journal={Annual Review of Statistics and Its Application},
  volume={3},
  pages={233--256},
  year={2016},
  publisher={Annual Reviews}
}
@article{2015zika,
  title={Zika virus: a review to clinicians},
  author={Junior, Vitor Laerte Pinto and Luz, Kleber and Parreira, Ricardo and Ferrinho, Paulo},
  journal={Acta medica portuguesa},
  volume={28},
  number={6},
  pages={760-765},
  year={2015}
}
@article{doi,
author = {Dick, G. W. A. and Kitchen, S. F. and Haddow, A. J.},
title = {Zika Virus (I). Isolations and serological specificity},
journal = {Transactions of The Royal Society of Tropical Medicine and Hygiene},
volume = {46},
number = {5},
pages = {509},
year = {1952},
doi = {10.1016/0035-9203(52)90042-4},
URL = { + http://dx.doi.org/10.1016/0035-9203(52)90042-4},
eprint = {/oup/backfile/Content_public/Journal/trstmh/46/5/10.1016/0035-9203(52)90042-4/2/46-5-509.pdf}
}
@article{musso2014,
  title={Potential for Zika virus transmission through blood transfusion demonstrated during an outbreak in French Polynesia, November 2013 to February 2014},
  author={Musso, D and Nhan, T and Robin, E and Roche, C and Bierlaire, D and Zisou, K and Shan Yan, A and Cao-Lormeau, VM and Broult, J},
  journal={Euro Surveill},
  volume={19},
  number={14},
  pages={20761},
  year={2014}
}
@article{newman2001random,
  title={Random graphs with arbitrary degree distributions and their applications},
  author={Newman, Mark EJ and Strogatz, Steven H and Watts, Duncan J},
  journal={Physical review E},
  volume={64},
  number={2},
  pages={026118},
  year={2001},
  publisher={APS}
}
@article{may,
  title = {Infection dynamics on scale-free networks},
  author = {May, Robert M. and Lloyd, Alun L.},
  journal = {Phys. Rev. E},
  volume = {64},
  issue = {6},
  pages = {066112},
  numpages = {4},
  year = {2001},
  month = {Nov},
  publisher = {American Physical Society},
  doi = {10.1103/PhysRevE.64.066112},
  url = {https://link.aps.org/doi/10.1103/PhysRevE.64.066112}
}
@article{gao2016,
  title={Prevention and control of Zika as a mosquito-borne and sexually transmitted disease: a mathematical modeling analysis},
  author={Gao, Daozhou and Lou, Yijun and He, Daihai and Porco, Travis C and Kuang, Yang and Chowell, Gerardo and Ruan, Shigui},
  journal={Scientific reports},
  volume={6},
  year={2016},
  publisher={Nature Publishing Group}
}

@article{ku2016,
  title={Transmission dynamics of Zika virus in island populations: a modelling analysis of the 2013--14 French Polynesia outbreak},
  author={Kucharski, Adam J and Funk, Sebastian and Eggo, Rosalind M and Mallet, Henri-Pierre and Edmunds, W John and Nilles, Eric J},
  journal={PLoS Negl Trop Dis},
  volume={10},
  number={5},
  pages={e0004726},
  year={2016},
  publisher={Public Library of Science}
}
@book{b2005,
  title={Ecological Paradigms Lost: routes of theory change},
  author={Beisner, Beatrix},
  volume={2},
  year={2005},
  publisher={Academic Press}
}
@article{kaplan2002emergency,
  title={Emergency response to a smallpox attack: the case for mass vaccination},
  author={Kaplan, Edward H and Craft, David L and Wein, Lawrence M},
  journal={Proceedings of the National Academy of Sciences},
  volume={99},
  number={16},
  pages={10935--10940},
  year={2002},
  publisher={National Acad Sciences}
}
@article{musso2015,
  title={Potential sexual transmission of Zika virus},
  author={Musso, Didier and Roche, Claudine and Robin, Emilie and Nhan, Tuxuan and Teissier, Anita and Cao-Lormeau, Van-Mai and others},
  journal={Emerg Infect Dis},
  volume={21},
  number={2},
  pages={359--61},
  year={2015}
}
@article{simoes2016zika,
  title={Zika virus infection and pregnancy},
  author={Sim{\~o}es, Ricardo and Buzzini, Renata and Bernardo, Wanderley and Cardoso, Florentino and Salom{\~a}o, Ant{\^o}nio and Cerri, Giovanni},
  journal={Revista da Associa{\c{c}}{\~a}o M{\'e}dica Brasileira},
  volume={62},
  number={2},
  pages={108--115},
  year={2016},
  publisher={SciELO Brasil}
}
@article{rasmussen2016zika,
  title={Zika virus and birth defectsâ€”reviewing the evidence for causality},
  author={Rasmussen, Sonja A and Jamieson, Denise J and Honein, Margaret A and Petersen, Lyle R},
  journal={New England Journal of Medicine},
  volume={374},
  number={20},
  pages={1981--1987},
  year={2016},
  publisher={Mass Medical Soc}
  }
  @article{grass,
  title={Seasonal infectious disease epidemiology},
  author={Grassly, Nicholas C and Fraser, Christophe},
  journal={Proceedings of the Royal Society of London B: Biological Sciences},
  volume={273},
  number={1600},
  pages={2541--2550},
  year={2006},
  publisher={The Royal Society}
}
@article{altizer,
  title={Seasonality and the dynamics of infectious diseases},
  author={Altizer, Sonia and Dobson, Andrew and Hosseini, Parviez and Hudson, Peter and Pascual, Mercedes and Rohani, Pejman},
  journal={Ecology letters},
  volume={9},
  number={4},
  pages={467--484},
  year={2006},
  publisher={Wiley Online Library}
}
@article{johnson2001sexual,
  title={Sexual behaviour in Britain: partnerships, practices, and HIV risk behaviours},
  author={Johnson, Anne M and Mercer, Catherine H and Erens, Bob and Copas, Andrew J and McManus, Sally and Wellings, Kaye and Fenton, Kevin A and Korovessis, Christos and Macdowall, Wendy and Nanchahal, Kiran and others},
  journal={The Lancet},
  volume={358},
  number={9296},
  pages={1835--1842},
  year={2001},
  publisher={Elsevier}
}
@article{1988spread,
  title={The spread and persistence of infectious diseases in structured populations},
  author={Sattenspiel, Lisa and Simon, Carl P},
  journal={Mathematical Biosciences},
  volume={90},
  number={1-2},
  pages={341--366},
  year={1988},
  publisher={Elsevier}
}
@article{erdodblac1959ldquo,
  title={ldquo; On Random Graphs. Irdquo},
  author={Erdodblac; s, P and Reacute; nyi, A},
  journal={Publ. Math. Debrecen},
  volume={6},
  pages={290--297},
  year={1959}
}
@article{newman2002random,
  title={Random graph models of social networks},
  author={Newman, Mark EJ and Watts, Duncan J and Strogatz, Steven H},
  journal={Proceedings of the National Academy of Sciences},
  volume={99},
  number={suppl 1},
  pages={2566--2572},
  year={2002},
  publisher={National Acad Sciences}
  }
  @article{newman2003structure,
  title={The structure and function of complex networks},
  author={Newman, Mark EJ},
  journal={SIAM review},
  volume={45},
  number={2},
  pages={167--256},
  year={2003},
  publisher={SIAM}
  }
  
  @book{estrada2012structure,
  title={The structure of complex networks: theory and applications},
  author={Estrada, Ernesto},
  year={2012},
  publisher={Oxford University Press}
}
@book{estrada2015first,
  title={A first course in network theory},
  author={Estrada, Ernesto and Knight, Philip A and Knight, Philip},
  year={2015},
  publisher={Oxford University Press, USA}
}

@article{witten2007simulations,
  title={Simulations of infectious diseases on networks},
  author={Witten, G and Poulter, G},
  journal={Computers in Biology and Medicine},
  volume={37},
  number={2},
  pages={195--205},
  year={2007},
  publisher={Elsevier}
}
@article{travers1967small,
  title={The small world problem},
  author={Travers, Jeffrey and Milgram, Stanley},
  journal={Phychology Today},
  volume={1},
  pages={61--67},
  year={1967},
  publisher={JSTOR}
}
@article{harris1974contact,
  title={Contact interactions on a lattice},
  author={Harris, Theodore E},
  journal={The Annals of Probability},
  pages={969--988},
  year={1974},
  publisher={JSTOR}
}
@article{lloyd2006infection,
  title={Infection dynamics on small-world networks},
  author={Lloyd, Alun L and Valeika, Steve and Cintr{\'o}n-Arias, Ariel},
  journal={Contemporary Mathematics},
  volume={410},
  pages={209--234},
  year={2006},
  publisher={Providence, RI: American Mathematical Society}
}
@article{watts1998collective,
  title={Collective dynamics of â€˜small-worldâ€™networks},
  author={Watts, Duncan J and Strogatz, Steven H},
  journal={nature},
  volume={393},
  number={6684},
  pages={440--442},
  year={1998},
  publisher={Nature Publishing Group}
  }
  @article{chung2002average,
  title={The average distances in random graphs with given expected degrees},
  author={Chung, Fan and Lu, Linyuan},
  journal={Proceedings of the National Academy of Sciences},
  volume={99},
  number={25},
  pages={15879--15882},
  year={2002},
  publisher={National Acad Sciences}
  }
  @article{bernoulli1760essai,
  title={Essai dâ€™une nouvelle analyse de la mortalit{\'e} caus{\'e}e par la petite v{\'e}role et des avantages de lâ€™inoculation pour la pr{\'e}venir},
  author={Bernoulli, Daniel},
  journal={Histoire de lâ€™Acad. Roy. Sci.(Paris) avec M{\'e}m. des Math. et Phys. and M{\'e}m},
  pages={1--45},
  year={1760}
}
@article{m1925applications,
  title={Applications of mathematics to medical problems},
  author={M'Kendrick, AG},
  journal={Proceedings of the Edinburgh Mathematical Society},
  volume={44},
  pages={98--130},
  year={1925},
  publisher={Cambridge Univ Press}
}
@article{ball1985deterministic,
  title={Deterministic and stochastic epidemics with several kinds of susceptibles},
  author={Ball, Frank},
  journal={Advances in applied probability},
  volume={17},
  number={01},
  pages={1--22},
  year={1985},
  publisher={Cambridge Univ Press}
}
@article{addy1991generalized,
  title={A generalized stochastic model for the analysis of infectious disease final size data},
  author={Addy, Cheryl L and Longini Jr, Ira M and Haber, Michael},
  journal={Biometrics},
  pages={961--974},
  year={1991},
  publisher={JSTOR}
}
@incollection{greenwood2009stochastic,
  title={Stochastic epidemic modeling},
  author={Greenwood, Priscilla E and Gordillo, Luis F},
  booktitle={Mathematical and Statistical Estimation Approaches in Epidemiology},
  pages={31--52},
  year={2009},
  publisher={Springer}
}
@article{morens2009pandemic,
  title={What is a pandemic?},
  author={Morens, David M and Folkers, Gregory K and Fauci, Anthony S},
  journal={Journal of Infectious Diseases},
  volume={200},
  number={7},
  pages={1018--1021},
  year={2009},
  publisher={Oxford University Press}
}
@article{ming2016stochastic,
  title={Stochastic modelling of infectious diseases for heterogeneous populations},
  author={Ming, Rui-Xing and Liu, Jiming and Cheung, William KW and Wan, Xiang},
  journal={Infectious diseases of poverty},
  volume={5},
  number={1},
  pages={107},
  year={2016},
  publisher={BioMed Central}
}
@article{li,
  title={Global stability for the SEIR model in epidemiology},
  author={Li, Michael Y and Muldowney, James S},
  journal={Mathematical biosciences},
  volume={125},
  number={2},
  pages={155--164},
  year={1995},
  publisher={Elsevier}
}

@article{Yu-1994,
doi	= {10.1007/bf00163027},
title	= {Bifurcation analysis of periodic SEIR and SIR epidemic models},
author	= {Yu. A. Kuznetsov; C. Piccardi},
publisher	= {Springer},
journal	= {Journal of Mathematical Biology},
issnp	= {0303-6812},
issne	= {1432-1416},
year	= {1994},
month	= {01},
volume	= {32},
issue	= {2}
}
@inproceedings{ding2016mathematical,
  title={A mathematical model of Zika virus and its optimal control},
  author={Ding, Chunxiao and Tao, Nana and Zhu, Yuanguo},
  booktitle={Control Conference (CCC), 2016 35th Chinese},
  pages={2642--2645},
  year={2016},
  organization={IEEE}
}
@article{sat,
  title={Modeling the spread of infectious disease in human populations},
  author={Sattenspiel, Lisa},
  journal={American Journal of Physical Anthropology},
  volume={33},
  number={S11},
  pages={245--276},
  year={1990},
  publisher={Wiley Online Library}
}
@inproceedings{moreno1945application,
  title={The Application of the Group Method to the Classification of Prisoners},
  author={Moreno, JL},
  booktitle={Group Psychotherapy: A Symposium. New York: Beacon House},
  year={1945}
}
@article{freeman2004development,
  title={The development of social network analysis},
  author={Freeman, Linton},
  journal={A Study in the Sociology of Science},
  year={2004}
}

@article{pastor2001,
  title={Epidemic dynamics and endemic states in complex networks},
  author={Pastor-Satorras, Romualdo and Vespignani, Alessandro},
  journal={Physical Review E},
  volume={63},
  number={6},
  pages={066117},
  year={2001},
  publisher={APS}
}
@article{grass1983,
  title={On the critical behavior of the general epidemic process and dynamical percolation},
  author={Grassberger, Peter},
  journal={Mathematical Biosciences},
  volume={63},
  number={2},
  pages={157--172},
  year={1983},
  publisher={Elsevier}
}
@article{barabasi1999emergence,
  title={Emergence of scaling in random networks},
  author={Barab{\'a}si, Albert-L{\'a}szl{\'o} and Albert, R{\'e}ka},
  journal={science},
  volume={286},
  number={5439},
  pages={509--512},
  year={1999},
  publisher={American Association for the Advancement of Science}
}
@article{1,
  title={Transmission dynamics of Zika virus in island populations: a modelling analysis of the 2013--14 French Polynesia outbreak},
  author={Kucharski, Adam J and Funk, Sebastian and Eggo, Rosalind M and Mallet, Henri-Pierre and Edmunds, W John and Nilles, Eric J},
  journal={PLoS Negl Trop Dis},
  volume={10},
  number={5},
  pages={e0004726},
  year={2016},
  publisher={Public Library of Science}
}
@article{2,
  title={Calibration of a SEIR epidemic model to describe Zika virus outbreak in Brazil},
  author={Dantas, Eber and Tosin, Michel and Cunha Jr, Americo},
  year={2017}
}
@article{3,
  title={Mathematical modeling of Zika virus},
  author={Bonyah, Ebenezer and Okosun, Kazeem Oare},
  journal={Asian Pacific Journal of Tropical Disease},
  volume={6},
  number={9},
  pages={673--679},
  year={2016},
  publisher={Elsevier}
}