% 
% Bib files are VERY PICKY about syntax, more so than python
% Don't mix your Ps and Qs or commas and brackets.
% 
% Check your line endings end in a comma,
%
% Always separate AUTHORs by "and"
% AUTHOR1 and AUTHOR2 and AUTHOR3 and AUTHOR4 and ..... and AUTHORX
% where AUTHORX is   Lastname, Firstname   or   Firstname Lastname
% Put ALL the authors, not et al. 
%
% When you get arbitrary downloads ALWAYS check the copyright, and ask or inform
% the institution/author if this is required. Citing is not enough, some
% material may not be used. 
%
% For web published items, because they can change, put YEAR = "Accessed in April 2012",
% and if the item has a publish date, put that in the HOWPUBLISHED field after
% the institutions's name, (then publish date, then \url{}).
% Always find the original URL, not some Google Docs upload where you saved it
%
% Never put %comments in the middle of a bibtex file; they cause problems
% too often.
%
% Remove the .bbl, .blg, .aux, ,.out files if your bibtex gets stuck 
% on errors (some non-ascii characters can cause this) and rerun in
% a terminal if texmaker does not tell you what the problem is.
%



@article{Shannon48,
 author = 	 "David M. Blei",
  title = 	 "Surveying a Suite of Algorithms that offer a Solution to Mannaging Large Documents Archives",
 journal="Commuinication of the ACM",
 volume = 55,
 pages ="1-7",
 year = 2012
}

@incollection{shannon44,
 author = 	 {Claude Shannon},
 title = {The Best Detection of Pulses},
 booktitle = {Collected Papers of Claude Shannon},
 publisher = {IEEE Press},
  editor={N. J. A. Sloane and A. D. Wyner},
 year = {1993},
pages={148--150},
address={New York}
}


@article{blei2012surveying,
  title={Surveying a suite of algorithms that offer a solution to managing large document archives PROBABILISTIC FIELD MODELS},
  author={Blei, David M},
  journal={review articles april},
  year={2012}
}
@inproceedings{turpin2007fast,
  title={Fast generation of result snippets in web search},
  author={Turpin, Andrew and Tsegay, Yohannes and Hawking, David and Williams, Hugh E},
  booktitle={Proceedings of the 30th annual international ACM SIGIR conference on Research and development in information retrieval},
  pages={127--134},
  year={2007},
  organization={ACM}
}

@article{griffiths2006latent,
  title={Latent Semantic Analysis: A Road to Meaning},
  author={Griffiths, T and Steyvers, M},
  journal={chapter Probabilistic topic models, Laurence Erlbaum},
  year={2006}
}

@article{deerwester1990indexing,
  title={Indexing by latent semantic analysis},
  author={Deerwester, Scott and Dumais, Susan T and Furnas, George W and Landauer, Thomas K and Harshman, Richard},
  journal={Journal of the American society for information science},
  volume={41},
  number={6},
  pages={391},
  year={1990},
  publisher={American Documentation Institute}
}

@article{salton1975vector,
  title={A vector space model for automatic indexing},
  author={Salton, Gerard and Wong, Anita and Yang, Chung-Shu},
  journal={Communications of the ACM},
  volume={18},
  number={11},
  pages={613--620},
  year={1975},
  publisher={ACM}
}

@inproceedings{rehurek2010software,
  title={Software framework for topic modelling with large corpora},
  author={Rehurek, Radim and Sojka, Petr},
  booktitle={In Proceedings of the LREC 2010 Workshop on New Challenges for NLP Frameworks},
  year={2010},
  organization={Citeseer}
}

@misc{ullman2011mining,
  title={Mining of massive datasets},
  author={Ullman, Jeffrey D and Leskovec, Jure and Rajaraman, Anand},
  year={2011},
  publisher={Cambridge University Press}
}

@inproceedings{wallach2006topic,
  title={Topic modeling: beyond bag-of-words},
  author={Wallach, Hanna M},
  booktitle={Proceedings of the 23rd international conference on Machine learning},
  pages={977--984},
  year={2006},
  organization={ACM}
}

@article{griffiths2007topics,
  title={Topics in semantic representation.},
  author={Griffiths, Thomas L and Steyvers, Mark and Tenenbaum, Joshua B},
  journal={Psychological review},
  volume={114},
  number={2},
  pages={211},
  year={2007},
  publisher={American Psychological Association}
}

@inproceedings{mikolov2013distributed,
  title={Distributed representations of words and phrases and their compositionality},
  author={Mikolov, Tomas and Sutskever, Ilya and Chen, Kai and Corrado, Greg S and Dean, Jeff},
  booktitle={Advances in neural information processing systems},
  pages={3111--3119},
  year={2013}
}

@article{faruqui2014retrofitting,
  title={Retrofitting word vectors to semantic lexicons},
  author={Faruqui, Manaal and Dodge, Jesse and Jauhar, Sujay K and Dyer, Chris and Hovy, Eduard and Smith, Noah A},
  journal={arXiv preprint arXiv:1411.4166},
  year={2014}
}

@article{griffiths2004finding,
  title={Finding scientific topics},
  author={Griffiths, Thomas L and Steyvers, Mark},
  journal={Proceedings of the National academy of Sciences},
  volume={101},
  number={suppl 1},
  pages={5228--5235},
  year={2004},
  publisher={National Acad Sciences}
}

@phdthesis{evangelopoulos2011comparing,
  title={Comparing latent dirichlet allocation and latent semantic analysis as classifiers},
  author={Evangelopoulos, Nicholas},
  year={2011},
  school={University of North Texas}
}
@article{bengio2003neural,
  title={A neural probabilistic language model},
  author={Bengio, Yoshua and Ducharme, R{\'e}jean and Vincent, Pascal and Jauvin, Christian},
  journal={Journal of machine learning research},
  volume={3},
  number={Feb},
  pages={1137--1155},
  year={2003}
}

@inproceedings{erk2008structured,
  title={A structured vector space model for word meaning in context},
  author={Erk, Katrin and Pad{\'o}, Sebastian},
  booktitle={Proceedings of the Conference on Empirical Methods in Natural Language Processing},
  pages={897--906},
  year={2008},
  organization={Association for Computational Linguistics}
}

@inproceedings{blei2003modeling,
  title={Modeling annotated data},
  author={Blei, David M and Jordan, Michael I},
  booktitle={Proceedings of the 26th annual international ACM SIGIR conference on Research and development in informaion retrieval},
  pages={127--134},
  year={2003},
  organization={ACM}
}