% 
% Bib files are VERY PICKY about syntax, more so than python
% Don't mix your Ps and Qs or commas and brackets.
% 
% Check your line endings end in a comma,
%
% Always separate AUTHORs by "and"
% AUTHOR1 and AUTHOR2 and AUTHOR3 and AUTHOR4 and ..... and AUTHORX
% where AUTHORX is   Lastname, Firstname   or   Firstname Lastname
% Put ALL the authors, not et al. 
%
% When you get arbitrary downloads ALWAYS check the copyright, and ask or inform
% the institution/author if this is required. Citing is not enough, some
% material may not be used. 
%
% For web published items, because they can change, put YEAR = "Accessed in April 2012",
% and if the item has a publish date, put that in the HOWPUBLISHED field after
% the institutions's name, (then publish date, then \url{}).
% Always find the original URL, not some Google Docs upload where you saved it
%
% Never put %comments in the middle of a bibtex file; they cause problems
% too often.
%
% Remove the .bbl, .blg, .aux, ,.out files if your bibtex gets stuck 
% on errors (some non-ascii characters can cause this) and rerun in
% a terminal if texmaker does not tell you what the problem is.
%

@article{Polymath2009new,
  title={A new proof of the density Hales-Jewett theorem},
  author={Polymath, DHJ},
  journal={arXiv preprint arXiv:0910.3926},
  year={2009}
}

@article{dransfield2004,
  title={Satisfiability and computing van der Waerden numbers},
  author={Dransfield, Michael R and Liu, Lengning and Marek, Victor W and Truszczy{\'n}ski, Miros{\l}aw},
  journal={the electronic journal of combinatorics},
  volume={11},
  number={1},
  pages={R41},
  year={2004}
}

@article{herwig2007new,
  title={A new method to construct lower bounds for van der Waerden numbers},
  author={Herwig, Paul R and Heule, Marijn JH and van Lambalgen, P Martijn and van Maaren, Hans},
  journal={the electronic journal of combinatorics},
  volume={14},
  number={1},
  pages={R6},
  year={2007}
}

@article{beeler1979some,
  title={Some new van der Waerden numbers},
  author={Beeler, Michael D and O'neil, Patrick E},
  journal={Discrete Mathematics},
  volume={28},
  number={2},
  pages={135--146},
  year={1979},
  publisher={Elsevier}
}

@article{brown2008bounds,
  title={Bounds on some van der Waerden numbers},
  author={Brown, Tom and Landman, Bruce M and Robertson, Aaron},
  journal={Journal of Combinatorial Theory, Series A},
  volume={115},
  number={7},
  pages={1304--1309},
  year={2008},
  publisher={Elsevier}
}

@article{rabung2012,
  title={Improving the use of cyclic zippers in finding lower bounds for van der Waerden numbers},
  author={Rabung, John and Lotts, Mark},
  journal={the electronic journal of combinatorics},
  volume={19},
  number={2},
  pages={P35},
  year={2012}
}

@article{kouril2008van,
  title={The van der Waerden number W (2, 6) is 1132},
  author={Kouril, Michal and Paul, Jerome L},
  journal={Experimental Mathematics},
  volume={17},
  number={1},
  pages={53--61},
  year={2008},
  publisher={Taylor \& Francis}
}

@article{stevens1978computer,
  title={Computer-generated van der Waerden partitions},
  author={Stevens, RS and Shantaram, R},
  journal={Mathematics of Computation},
  volume={32},
  number={142},
  pages={635--636},
  year={1978}
}

@article {JLMS,
author = {Erdös, Paul and Turán, Paul},
title = {On Some Sequences of Integers},
journal = {Journal of the London Mathematical Society},
volume = {s1-11},
number = {4},
publisher = {Oxford University Press},
issn = {1469-7750},
url = {http://dx.doi.org/10.1112/jlms/s1-11.4.261},
doi = {10.1112/jlms/s1-11.4.261},
pages = {261--264},
year = {1936},
}

@article{erdos1952combinatorial,
  title={Combinatorial theorems on classifications of subsets of a given set},
  author={Erdos, Paul and Rado, Richard},
  journal={Proceedings of the London mathematical Society},
  volume={3},
  number={1},
  pages={417--439},
  year={1952},
  publisher={Oxford University Press}
}

@article{brk1968,
  title={A construction for partitions which avoid long arithmetic progressions},
  author={Berlekamp, Elwyn Ralph},
  journal={Canad. Math. Bull},
  volume={11},
  number={1968},
  pages={409--414},
  year={1968}
}

@article{van1927beweis,
  title={Beweis einer baudetschen vermutung},
  author={Van der Waerden, Bartel Leendert},
  journal={Nieuw Arch. Wisk},
  volume={15},
  number={2},
  pages={212--216},
  year={1927}
}

@article{gowers2007hypergraph,
  title={Hypergraph regularity and the multidimensional Szemer{\'e}di theorem},
  author={Gowers, W Timothy},
  journal={Annals of Mathematics},
  pages={897--946},
  year={2007},
  publisher={JSTOR}
}

@article{gowers2001new,
  title={A new proof of Szemer{\'e}di's theorem},
  author={Gowers, William T},
  journal={Geometric and functional analysis},
  volume={11},
  number={3},
  pages={465--588},
  year={2001},
  publisher={Springer}
}

@article{gasarch2010purely,
  title={Purely combinatorial proofs of van der Waerden-type theorems},
  author={Gasarch, William and Kruskal, Clyde and Parrish, Andy},
  journal={Draft book},
  year={2010},
  publisher={Citeseer}
}

@article{graham1974short,
  title={A short proof of van der Waerden’s theorem on arithmetic progressions},
  author={Graham, Ronald L and Rothschild, Bruce L},
  journal={Proceedings of the American Mathematical Society},
  volume={42},
  number={2},
  pages={385--386},
  year={1974}
}

@article{roth1953certain,
  title={On certain sets of integers},
  author={Roth, Klaus F},
  journal={Journal of the London Mathematical Society},
  volume={1},
  number={1},
  pages={104--109},
  year={1953},
  publisher={Oxford University Press}
}
@article{roth1970irregularities,
  title={Irregularities of sequences relative to arithmetic progressions, III},
  author={Roth, KF},
  journal={Journal of Number Theory},
  volume={2},
  number={2},
  pages={125--142},
  year={1970},
  publisher={Elsevier}
}

@article{szemeredi1969sets,
  title={On sets of integers containing no four elements in arithmetic progression},
  author={Szemer{\'e}di, Endre},
  journal={Acta Mathematica Academiae Scientiarum Hungarica},
  volume={20},
  number={1-2},
  pages={89--104},
  year={1969},
  publisher={Springer}
}

@article{szemeredi1975sets,
  title={On sets of integers containing no k elements in arithmetic progression},
  author={Szemer{\'e}di, Endre},
  journal={Acta Arith},
  volume={27},
  number={199-245},
  pages={2},
  year={1975}
}

@article{furstenberg1982ergodic,
  title={The ergodic theoretical proof of Szemer{\'e}di’s theorem},
  author={Furstenberg, Hillel and Katznelson, Yitzhak and Ornstein, Donald},
  journal={Bulletin of the American Mathematical Society},
  volume={7},
  number={3},
  pages={527--552},
  year={1982}
}

@article{furstenberg1977ergodic,
  title={Ergodic behavior of diagonal measures and a theorem of Szemer{\'e}di on arithmetic progressions},
  author={Furstenberg, Harry},
  journal={Journal d'Analyse Math{\'e}matique},
  volume={31},
  number={1},
  pages={204--256},
  year={1977},
  publisher={Springer}
}

@inproceedings{gowers1998fourier,
  title={Fourier analysis and Szemer{\'e}di’s theorem},
  author={Gowers, WT},
  booktitle={Proceedings of the International Congress of Mathematicians},
  volume={1},
  pages={617--629},
  year={1998}
}

@article{tao2006quantitative,
  title={A quantitative ergodic theory proof of Szemer{\'e}di’s theorem},
  author={Tao, Terence},
  journal={Electron. J. Combin},
  volume={13},
  number={1},
  pages={R99},
  year={2006}
}

@article{behrend1946sets,
  title={On sets of integers which contain no three terms in arithmetical progression},
  author={Behrend, Felix A},
  journal={Proceedings of the National Academy of Sciences},
  volume={32},
  number={12},
  pages={331--332},
  year={1946},
  publisher={National Acad Sciences}
}

@inproceedings{elkin2010improved,
  title={An improved construction of progression-free sets},
  author={Elkin, Michael},
  booktitle={Proceedings of the twenty-first annual ACM-SIAM symposium on Discrete Algorithms},
  pages={886--905},
  year={2010},
  organization={Society for Industrial and Applied Mathematics}
}

@article{rankin1961xxiv,
  title={XXIV.—Sets of Integers Containing not more than a Given Number of Terms in Arithmetical Progression},
  author={Rankin, Robert Alexander},
  journal={Proceedings of the Royal Society of Edinburgh. Section A. Mathematical and Physical Sciences},
  volume={65},
  number={04},
  pages={332--344},
  year={1961},
  publisher={Cambridge Univ Press}
}

@article{o2011sets,
  title={Sets of integers that do not contain long arithmetic progressions},
  author={O’Bryant, Kevin},
  journal={the electronic journal of combinatorics},
  volume={18},
  number={1},
  pages={P59},
  year={2011}
}

@article{bloom2016quantitative,
  title={A quantitative improvement for Roth's theorem on arithmetic progressions},
  author={Bloom, Thomas F},
  journal={Journal of the London Mathematical Society},
  pages={jdw010},
  year={2016},
  publisher={Oxford University Press}
}

@article{green2006new,
  title={New bounds for Szemeredi's theorem, II: A new bound for r\_4 (N)},
  author={Green, Ben and Tao, Terence},
  journal={arXiv preprint math/0610604},
  year={2006}
}

@book{beck2008combinatorial,
  title={Combinatorial games: tic-tac-toe theory},
  author={Beck, J{\'o}zsef},
  volume={114},
  year={2008},
  publisher={Cambridge University Press}
}

@article{furstenberg1991density,
  title={A density version of the Hales-Jewett theorem},
  author={Furstenberg, Hillel and Katznelson, Yitzhak},
  journal={Journal d'Analyse Mathematique},
  volume={57},
  number={1},
  pages={64--119},
  year={1991},
  publisher={Springer}
}
@article{dodos2013simple,
  title={A simple proof of the density Hales--Jewett theorem},
  author={Dodos, Pandelis and Kanellopoulos, Vassilis and Tyros, Konstantinos},
  journal={International Mathematics Research Notices},
  pages={rnt041},
  year={2013},
  publisher={Oxford University Press}
}
@article{shelah1988primitive,
  title={Primitive recursive bounds for van der Waerden numbers},
  author={Shelah, Saharon},
  journal={Journal of the American Mathematical Society},
  volume={1},
  number={3},
  pages={683--697},
  year={1988}
}
@incollection{nilli1990shelah,
  title={Shelah’s proof of the Hales-Jewett theorem},
  author={Nilli, Alon},
  booktitle={Mathematics of Ramsey theory},
  pages={150--151},
  year={1990},
  publisher={Springer}
}
@article{hales1987regularity,
  title={Regularity and positional games},
  author={Hales, Alfred W and Jewett, Robert I},
  journal={Classic Papers in Combinatorics},
  pages={320--327},
  year={1987},
  publisher={Springer}
}
@article{matet2007shelah,
  title={Shelah’s proof of the Hales--Jewett theorem revisited},
  author={Matet, Pierre},
  journal={European Journal of Combinatorics},
  volume={28},
  number={6},
  pages={1742--1745},
  year={2007},
  publisher={Elsevier}
}